<record><leader>00000cas a22000007a 4500</leader><controlfield tag="001">12935746</controlfield><controlfield tag="008">851219c19489999iauwr ne      0    0eng d</controlfield><datafield ind1=" " ind2=" " tag="010"><subfield code="a">sn 85050975 </subfield></datafield><datafield ind1=" " ind2=" " tag="040"><subfield code="a">INP</subfield><subfield code="b">eng</subfield><subfield code="c">INP</subfield><subfield code="d">OCLCQ</subfield></datafield><datafield ind1=" " ind2=" " tag="042"><subfield code="a">msc</subfield></datafield><datafield ind1="0" ind2="4" tag="245"><subfield code="a">The Hardin County times.</subfield></datafield><datafield ind1=" " ind2=" " tag="260"><subfield code="a">Iowa Falls, Iowa :</subfield><subfield code="b">Citizen Print. Co.,</subfield><subfield code="c">1948-</subfield></datafield><datafield ind1=" " ind2=" " tag="300"><subfield code="a">v. :</subfield><subfield code="b">ill. ;</subfield><subfield code="c">57 cm.</subfield></datafield><datafield ind1=" " ind2=" " tag="310"><subfield code="a">Weekly</subfield></datafield><datafield ind1="0" ind2=" " tag="362"><subfield code="a">Vol. 71, no. 23 (June 1, 1948)-</subfield></datafield><datafield ind1=" " ind2=" " tag="500"><subfield code="a">"Scenic city centennial, 1885-1955" edition published June 14, 1955; "Bicentennial edition" issued June 23, 1976.</subfield></datafield><datafield ind1=" " ind2=" " tag="500"><subfield code="a">Later publisher: Times-Citizen Co., Aug. 8, 1983-</subfield></datafield><datafield ind1=" " ind2=" " tag="500"><subfield code="a">Includes section called: Alden times, June 1, 1948-</subfield></datafield><datafield ind1=" " ind2=" " tag="500"><subfield code="a">Originally edited by: Carl Hamilton.</subfield></datafield><datafield ind1=" " ind2=" " tag="580"><subfield code="a">Appears concurrently with Iowa Falls citizen, June 1948-</subfield></datafield><datafield ind1=" " ind2=" " tag="752"><subfield code="a">United States</subfield><subfield code="b">Iowa</subfield><subfield code="c">Hardin</subfield><subfield code="d">Iowa Falls.</subfield></datafield><datafield ind1=" " ind2=" " tag="752"><subfield code="a">United States</subfield><subfield code="b">Iowa</subfield><subfield code="c">Hardin</subfield><subfield code="d">Alden.</subfield></datafield><datafield ind1="0" ind2="0" tag="780"><subfield code="t">New times (Alden, Iowa)</subfield><subfield code="w">(DLC)sn 85049629</subfield></datafield><datafield ind1="1" ind2=" " tag="787"><subfield code="t">Iowa Falls citizen</subfield><subfield code="w">(DLC)sn 85050976</subfield><subfield code="g">June 1948-</subfield></datafield><datafield ind1="1" ind2=" " tag="787"><subfield code="t">Alden times</subfield></datafield><datafield ind1="1" ind2=" " tag="029"><subfield code="a">AU@</subfield><subfield code="b">000025790878</subfield></datafield></record>